<?xml version="1.0" encoding="UTF-8"?><collection xmlns="http://www.loc.gov/MARC21/slim"><record><leader>00295nam--2200109-i-4500</leader><controlfield tag="001">000038206</controlfield><controlfield tag="002">20161230</controlfield><controlfield tag="005">20161230201041</controlfield><controlfield tag="008">060222s1000------------r-----000-0-eng-d</controlfield><datafield ind1=" " ind2=" " tag="245"><subfield code="a">Realizari recente in domeniul prelucrarii metalelor prin aschiere</subfield></datafield><datafield ind1=" " ind2=" " tag="260"><subfield code="a">Bucuresti, Idt, 1956. 59 P</subfield></datafield><datafield ind1=" " ind2=" " tag="852"><subfield code="a">6522</subfield></datafield></record></collection>